%% This BibTeX bibliography file was created using BibDesk.
%% http://bibdesk.sourceforge.net/


%% Created for Saahil Madge at 2015-04-26 16:08:25 -0400 


%% Saved with string encoding Unicode (UTF-8) 



@article{jacobsen2,
	Author = {Ben Jacobsen, Cherry Yi Zhang},
	Date-Added = {2015-04-26 20:03:33 +0000},
	Date-Modified = {2015-04-26 20:04:00 +0000},
	Title = {Are Monthly Seasonals Real? A Three Century Perspective},
	Year = {2012}}

@article{jacobsen1,
	Author = {Ben Jacobsen, Cherry Yi Zhang},
	Date-Added = {2015-04-26 20:02:17 +0000},
	Date-Modified = {2015-04-26 20:03:31 +0000},
	Month = {October},
	Title = {The Halloween indicator, 'Sell in May and go Away': An Even Bigger Puzzle},
	Year = {2012}}

@article{jegadeesh,
	Author = {Narasimhan Jegadeesh, Sheridan Titman},
	Date-Added = {2015-04-26 19:55:40 +0000},
	Date-Modified = {2015-04-26 19:56:19 +0000},
	Journal = {The Journal of Finance},
	Month = {March},
	Number = {1},
	Pages = {65-91},
	Title = {Returns to Buying Winners and Selling Losers: Implications for Stock Market Efficiency},
	Volume = {48},
	Year = {1993}}

@book{bodie,
	Author = {Zvi Bodie, Alex Kane, Alan Marcus},
	Date-Added = {2015-04-26 19:32:51 +0000},
	Date-Modified = {2015-04-26 19:33:48 +0000},
	Publisher = {McGraw-Hill},
	Title = {Investments},
	Year = {2014}}

@book{watson,
	Author = {James H. Stock, Mark W. Watson},
	Publisher = {Addison-Wesley},
	Title = {Introduction to Econometrics},
	Year = {2015}}

@inproceedings{buhmann,
	Author = {Martin Buhmann},
	Date-Added = {2015-04-26 18:26:19 +0000},
	Date-Modified = {2015-04-26 18:28:17 +0000},
	Organization = {Mathematisches Institut, Justus-Liebig-Universit{\"a}t Giessen},
	Title = {Radial basis function},
	Year = {2010}}

@misc{halls-moore,
	Author = {Michael Halls-Moore},
	Date-Added = {2015-04-26 05:13:46 +0000},
	Date-Modified = {2015-04-26 05:16:30 +0000},
	Month = {September},
	Title = {Support Vector Machines: A Guide for Beginners},
	Url = {http://www.quantstart.com/articles/Support-Vector-Machines-A-Guide-for-Beginners},
	Year = {2014}}

@article{rosillo,
	Author = {Rafael Rosillo, Javier Giner, David de la Fuente},
	Date-Added = {2015-04-26 03:37:46 +0000},
	Date-Modified = {2015-04-26 03:38:40 +0000},
	Journal = {Journal of Forecasting},
	Month = {July},
	Pages = {488-500},
	Title = {Stock Market Simulation Using Support Vector Machines},
	Volume = {33},
	Year = {2014}}

@misc{sp500returns,
	Date-Added = {2015-04-26 03:30:20 +0000},
	Date-Modified = {2015-04-26 03:38:46 +0000},
	Howpublished = {PDF},
	Month = {March 31},
	Title = {S\&P Dow Jones Indices},
	Year = {2015}}

@proceedings{katz,
	Author = {Lawrence F. Katz},
	Date-Added = {2015-04-26 03:20:11 +0000},
	Date-Modified = {2015-04-26 03:21:10 +0000},
	Organization = {U.S. Congress Joint Economic Committee},
	Title = {Long-Term Unemployment in the Great Recession},
	Year = {2010}}

@article{kim,
	Author = {Kyoung-jae Kim},
	Date-Added = {2015-04-26 02:50:01 +0000},
	Date-Modified = {2015-04-26 02:50:38 +0000},
	Journal = {Neurocomputing},
	Title = {Financial time series forecasting using support vector machines},
	Volume = {55},
	Year = {2003}}

@article{patel,
	Author = {Mayankkumar B Patel, Sunil R Yalamalle},
	Date-Added = {2015-04-26 02:32:38 +0000},
	Date-Modified = {2015-04-26 02:33:23 +0000},
	Journal = {International Journal of Innovative Research in Science, Engineering, and Technology},
	Title = {Stock Prediction using Artificial Neural Network},
	Year = {2014}}

@article{kar,
	Author = {Abhishek Kar},
	Date-Added = {2015-04-26 02:29:15 +0000},
	Date-Modified = {2015-04-26 02:30:30 +0000},
	Journal = {Dept. of Computer Science and Engineering, IIT Kanpur},
	Title = {Stock Prediction using Artificial Neural Networks}}

@electronic{brownlee,
	Author = {Jason Brownlee},
	Date-Added = {2015-04-26 02:11:24 +0000},
	Date-Modified = {2015-04-26 02:11:56 +0000},
	Title = {A Tour of Machine Learning Algorithms},
	Urldate = {November 25, 2013}}

@conference{krollner,
	Address = {Bruges, Belgium},
	Author = {Bjoern Krollner, Bruce Vanstone, Gavin Finnie},
	Booktitle = {European Symposium on Artificial Neural Networks: Computational and Machine Learning},
	Date-Added = {2015-04-26 01:38:17 +0000},
	Date-Modified = {2015-04-26 01:43:13 +0000},
	Month = {April},
	Title = {Financial Time Series Forecasting with Machine Learning Techniques: A Survey},
	Year = {2010}}

@misc{bontempiSlides,
	Author = {Gianluca Bontempi},
	Date-Added = {2015-04-26 01:09:15 +0000},
	Date-Modified = {2015-04-26 01:09:51 +0000},
	Title = {Machine Learning Strategies for Time Series Prediction},
	Year = {2013}}

@article{zhang,
	Author = {Jun Zhang},
	Date-Added = {2015-04-26 00:51:44 +0000},
	Date-Modified = {2015-04-26 00:52:37 +0000},
	Journal = {Modern Applied Science},
	Number = {5},
	Title = {Applying Time Series Analysis Builds Stock Price Forecast Model},
	Volume = {3},
	Year = {2009}}

@manual{bontempi,
	Author = {Gianluca Bontempi, Souhaib Ben Taieb, Yann-Ael Le Borgne},
	Date-Added = {2015-04-26 00:40:35 +0000},
	Date-Modified = {2015-04-26 00:43:50 +0000},
	Organization = {Machine Learning Group, Computer Science Department, Univerite Libre de Bruxelles},
	Title = {Machine Learning Strategies for Time Series Forecasting}}

@article{shah,
	Author = {Vatsal H. Shah},
	Date-Added = {2015-04-26 00:24:10 +0000},
	Date-Modified = {2015-04-26 00:27:27 +0000},
	Pages = {1-18},
	Publisher = {New York: Courant Institute of Mathematical Science},
	Title = {Machine Learning Techniques for Stock Price Prediction},
	Year = {2007}}

@article{kercheval,
	Author = {Alec N. Kercheval and Yuan Zhang},
	Date-Added = {2015-04-21 01:23:51 +0000},
	Date-Modified = {2015-04-21 01:25:27 +0000},
	Title = {Modeling high-frequency limit order book dynamics with support vector machines},
	Year = {2013}}
